@online{Aditya,
  author = {Aditya},
  title = {100,000 UK Used Car Data set},
  year = 2020,
  url = {https://www.kaggle.com/adityadesai13/used-car-dataset-ford-and-mercedes?select=vw.csv},
  urldate = {2021-01-10}
}

@online{Gokce,
  author = {Enes Gokce},
  title = {Predicting Used Car Prices with Machine Learning Techniques},
  year = 2020,
  url = {https://towardsdatascience.com/predicting-used-car-prices-with-machine-learning-techniques-8a9d8313952},urldate = {2021-01-24}
}